@book{PythonMachineLearningChapter1,
author = {Sebastian Raschka and Vahid Mirjalili},
year = {2015},
title = {Python Machine Learning},
publisher = {Packt},
edition = {3.},
note = {Kapitel 1: Giving Computers the Ability to Learn from Data}
}

@book{PythonMachineLearningChapter15,
author = {Sebastian Raschka and Vahid Mirjalili},
year = {2015},
title = {Python Machine Learning},
publisher = {Packt},
edition = {3.},
note = {Kapitel 15: Classifying Images with Deep Convolutional Networks}
}

@book{NeuronaleNetzeImKlartext,
author = {Robert Callan},
year = {2003},
title = {Neuronale Netze im Klartext},
publisher = {Pearson Studium},
edition = {1.}
}

@inbook{Synapsengewicht,
author = {Manfred Spitzer},
year = {1999},
title = {The Mind Within the Net: Models of Learning, Thinking and Acting},
publisher = {MIT Press},
note = {\\\url{https://books.google.de/books?id=lniTl1DbRX4C&pg=0}. \\Stand: 23.04.2022},
pages = {21},
edition = {2.}
}

@misc{HelpInMedicine,
author = {Wikipedia},
title = {KÃ¼nstliche Intelligenz in der Medizin},
howpublished = {\\\url{https://de.wikipedia.org/w/index.php?title=K%C3%BCnstliche_Intelligenz_in_der_Medizin&oldid=223677378}},
note = {Stand: 16.06.2022}
 }